@misc{qwinters2021repoTemplate,
    author  = {Quinn Winters},
    title   = {Course Repo Template},
    year    = {2021},
    url     = {https://github.com/qwinters/course-repo-template}
}
